@misc{mccutcheon2014,
  author       = {{McCutcheon v. Federal Election Commission}},
  title        = {572 {U}.{S}. 185},
  year         = {2014},
  note         = {Decided April 2, 2014. Supreme Court of the United States},
  howpublished = {\url{https://www.fec.gov/legal-resources/court-cases/mccutcheon-et-al-v-fec/}}
}

@misc{citizensunited2010,
  author       = {{Citizens United v. Federal Election Commission}},
  title        = {558 {U}.{S}. 310},
  year         = {2010},
  note         = {Decided January 21, 2010. Supreme Court of the United States},
  howpublished = {\url{https://www.fec.gov/legal-resources/court-cases/citizens-united-v-fec/}}
}

@misc{buckley1976,
  author       = {{Buckley v. Valeo}},
  title        = {424 {U}.{S}. 1},
  year         = {1976},
  note         = {Decided January 30, 1976. Supreme Court of the United States},
  howpublished = {\url{https://www.fec.gov/legal-resources/court-cases/buckley-v-valeo/}}
}

@book{jacobson1983,
  author       = {Jacobson, Gary C. and Kernell, Samuel},
  title        = {Strategy and {C}hoice in {C}ongressional {E}lections},
  publisher    = {Yale University Press},
  year         = {1983},
  howpublished = {\url{https://www.jstor.org/stable/pdf/2111301.pdf}},
  note         = {Accessed May 25, 2025}
}

@article{stratmann2005,
  author       = {Stratmann, Thomas},
  title        = {Some {T}alk: {M}oney in {P}olitics. {A} ({P}artial) {R}eview of the {L}iterature},
  journal      = {Public Choice},
  volume       = {124},
  number       = {1-2},
  pages        = {135--156},
  year         = {2005},
  doi          = {10.1007/s11127-005-2590-3},
  howpublished = {\url{https://link.springer.com/article/10.1007/s11127-005-4750-3}},
  note         = {Accessed May 25, 2025}
}

@article{levitt1994,
  author       = {Levitt, Steven D.},
  title        = {Using {R}epeat {C}hallengers to {E}stimate the {E}ffect of {C}ampaign {S}pending on {E}lection {O}utcomes in the {U}.{S}. {H}ouse},
  journal      = {Journal of Political Economy},
  volume       = {102},
  number       = {4},
  pages        = {777--798},
  year         = {1994},
  howpublished = {\url{https://pricetheory.uchicago.edu/levitt/Papers/LevittUsingRepeatChallengers1994.pdf}},
  note         = {Accessed May 25, 2025}
}

@article{ansolabehere2003,
  author       = {Ansolabehere, Stephen and de Figueiredo, John M. and Snyder Jr., James M.},
  title        = {Why is {T}here {S}o {L}ittle {M}oney in {U}.{S}. {P}olitics?},
  journal      = {Journal of Economic Perspectives},
  volume       = {17},
  number       = {1},
  pages        = {105--130},
  year         = {2003},
  doi          = {10.1257/089533003321164976},
  howpublished = {\url{https://pubs.aeaweb.org/doi/pdfplus/10.1257/089533003321164976}},
  note         = {Accessed May 25, 2025}
}

@article{groseclose1996,
  author       = {Groseclose, Tim and Snyder Jr., James M.},
  title        = {Buying {S}upermajorities},
  journal      = {American Political Science Review},
  volume       = {90},
  number       = {2},
  pages        = {303--315},
  year         = {1996},
  doi          = {10.2307/2082886},
  howpublished = {\url{https://www.jstor.org/stable/2082886}},
  note         = {Accessed May 25, 2025}
}

@article{jacobson1978,
  author       = {Jacobson, Gary C.},
  title        = {The {E}ffects of {C}ampaign {S}pending in {C}ongressional {E}lections},
  journal      = {American Political Science Review},
  volume       = {72},
  number       = {2},
  pages        = {469--491},
  year         = {1978},
  doi          = {10.2307/1954105},
  howpublished = {\url{https://www.jstor.org/stable/1954105}},
  note         = {Accessed May 25, 2025}
}

@article{eismeier1986,
  author       = {Eismeier, Theodore J. and Pollock, Philip H. III},
  title        = {Strategy and {C}hoice in {C}ongressional {E}lections: {T}he {R}ole of {P}olitical {A}ction {C}ommittees},
  journal      = {American Journal of Political Science},
  volume       = {30},
  number       = {1},
  pages        = {197--213},
  year         = {1986},
  publisher    = {Midwest Political Science Association},
  howpublished = {\url{https://www.jstor.org/stable/2111301}},
  note         = {Accessed June 2, 2025}
}

@incollection{jacobson2004,
  author       = {Jacobson, Gary C.},
  title        = {Measuring {C}ampaign {S}pending {E}ffects in {U}.{S}. {H}ouse {E}lections},
  booktitle    = {The American Voter in the Age of Big Data},
  editor       = {Michael P. McDonald and John Samples},
  publisher    = {University of Michigan Press},
  year         = {2004},
  pages        = {123--145},
  url          = {https://www.press.umich.edu/pdf/0472099213-ch8.pdf},
  note         = {Accessed June 1, 2025}
}

@misc{publicconsultation2018,
  author       = {{Program for Public Consultation}},
  title        = {Very {L}arge {M}ajorities {S}upport {C}ongressional {B}ills to {R}educe {I}nfluence of {B}ig {C}ampaign {D}onors},
  year         = {2018},
  howpublished = {\url{https://publicconsultation.org/redblue/very-large-majorities-support-congressional-bills-to-reduce-influence-of-big-campaign-donors/}},
  note         = {Accessed June 1, 2025}
}

@article{urvoy2025,
  author       = {Urvoy, Camille},
  title        = {Organized {V}oters: {E}lections and {P}ublic {F}unding of {N}onprofits},
  journal      = {American Economic Review},
  volume       = {115},
  number       = {1},
  pages        = {183--219},
  year         = {2025},
  doi          = {10.1257/aer.20230056},
  url          = {https://pubs.aeaweb.org/doi/pdfplus/10.1257/aer.20230056},
  note         = {Accessed June 1, 2025}
}

@article{coate2004,
  author       = {Coate, Stephen},
  title        = {Pareto-Improving {C}ampaign {F}inance {P}olicy},
  journal      = {American Economic Review},
  volume       = {94},
  number       = {3},
  pages        = {628--655},
  year         = {2004},
  doi          = {10.1257/0002828041464443},
  url          = {https://pubs.aeaweb.org/doi/pdfplus/10.1257/0002828041464443},
  note         = {Accessed June 1, 2025}
}

@article{chamon2013,
  author       = {Chamon, Marcos and Kaplan, Ethan},
  title        = {The {I}ceberg {T}heory of {C}ampaign {C}ontributions: {P}olitical {T}hreats and {I}nterest {G}roup {B}ehavior},
  journal      = {American Economic Journal: Economic Policy},
  volume       = {5},
  number       = {1},
  pages        = {1--31},
  year         = {2013},
  doi          = {10.1257/pol.5.1.1},
  url          = {https://pubs.aeaweb.org/doi/pdfplus/10.1257/pol.5.1.1},
  note         = {Accessed June 1, 2025}
}

