@misc{mccutcheon2014,
  author       = {{McCutcheon v. Federal Election Commission}},
  title        = {572 {U}.{S}. 185},                                     year         = {2014},                                                 note         = {Decided April 2, 2014. Supreme Court of the United States},
  howpublished = {\url{https://www.fec.gov/legal-resources/court-cases/mccutcheon-et-al-v-fec/}}
}

@misc{citizensunited2010,                                                author       = {{Citizens United v. Federal Election Commission}},
  title        = {558 {U}.{S}. 310},                                     year         = {2010},                                                 note         = {Decided January 21, 2010. Supreme Court of the United States},
  howpublished = {\url{https://www.fec.gov/legal-resources/court-cases/citizens-united-v-fec/}}
}

@misc{buckley1976,                                                       author       = {{Buckley v. Valeo}},
  title        = {424 {U}.{S}. 1},                                       year         = {1976},                                                 note         = {Decided January 30, 1976. Supreme Court of the United States},
  howpublished = {\url{https://www.fec.gov/legal-resources/court-cases/buckley-v-valeo/}}
}

@article{levitt1994,
  author       = {Levitt, Steven D.},
  title        = {Using {R}epeat {C}hallengers to {E}stimate the {E}ffect of {C}ampaign {S}pending on {E}lection {O}utcomes in the {U}.{S}. {H}ouse},
  journal      = {Journal of Political Economy},
  volume       = {102},
  number       = {4},
  pages        = {777--798},
  year         = {1994},
  howpublished = {\url{https://pricetheory.uchicago.edu/levitt/Papers/LevittUsingRepeatChallengers1994.pdf}},
  note         = {Accessed May 25, 2025}
}

@article{groseclose1996,
  author       = {Groseclose, Tim and Snyder, James M.},
  title        = {Buying {S}upermajorities},
  journal      = {American Political Science Review},
  volume       = {90},
  number       = {2},
  pages        = {303--315},
  year         = {1996},
  doi          = {10.2307/2082886},
  howpublished = {\url{https://www.jstor.org/stable/2082886}},
  note         = {Accessed May 25, 2025}
}

@article{jacobson1978,
  author       = {Jacobson, Gary C.},
  title        = {The {E}ffects of {C}ampaign {S}pending in {C}ongressional {E}lections},
  journal      = {American Political Science Review},
  volume       = {72},
  number       = {2},
  pages        = {469--491},
  year         = {1978},
  doi          = {10.2307/1954105},
  howpublished = {\url{https://www.jstor.org/stable/1954105}},
  note         = {Accessed May 25, 2025}
}

@incollection{jacobson2004,
  author       = {Jacobson, Gary C.},
  title        = {Measuring {C}ampaign {S}pending {E}ffects in {U}.{S}. {H}ouse {E}lections},
  booktitle    = {The American Voter in the Age of Big Data},
  editor       = {Michael P. McDonald and John Samples},
  publisher    = {University of Michigan Press},
  year         = {2004},
  pages        = {123--145},
  url          = {https://www.press.umich.edu/pdf/0472099213-ch8.pdf},
  note         = {Accessed June 1, 2025}
}

@book{jacobson1983,
  author    = {Jacobson, Gary C. and Kernell, Samuel},
  title     = {Strategy and {C}hoice in {C}ongressional {E}lections},
  publisher = {Yale University Press},
  year      = {1983},
  howpublished = {\url{https://www.jstor.org/stable/pdf/2111301.pdf}},
  note      = {Accessed May 25, 2025}
}

@misc{levin2004,
  author       = {Jonathan D. Levin},
  title        = {Auction {T}heory},
  year         = {2004},
  howpublished = {\url{https://web.stanford.edu/~jdlevin/Econ%20286/Auctions.pdf}},
  note         = {Working Paper, Stanford University},
}

@article{becker1983,
  title        = {A {T}heory of {C}ompetition {A}mong {P}ressure {G}roups for {P}olitical {I}nfluence},
  author       = {Becker, Gary S.},
  journal      = {Quarterly Journal of Economics},
  volume       = {98},
  number       = {3},
  pages        = {371--400},
  year         = {1983},
  howpublished = {\url{https://www.jstor.org/stable/1886017}},
}

@article{stratmann2005,
	author  = {Stratmann, Thomas},
	title   = {Some {T}alk: {M}oney in {P}olitics. {A} ({P}artial) {R}eview of the {L}iterature},
       	journal = {Public Choice},
  	volume  = {124},
  	number  = {1-2},
	pages   = {135--156}, 
	year    = {2005}, 
	doi     = {10.1007/s11127-005-2590-3},
	howpublished = {\url{https://link.springer.com/article/10.1007/s11127-005-4750-3}}, 
	note    = {Accessed May 25, 2025}
}

@article{bonica2016,
  author  = {Bonica, Adam},
  title   = {Professional {N}etworks, {E}arly {F}undraising, and {E}lectoral {S}uccess},
  journal = {Election Law Journal},
  volume  = {13},
  number  = {1},
  pages   = {26--45},
  year    = {2014},
  doi     = {10.1089/elj.2013.0201}
}

@article{lupia2021,
  author  = {Arthur Lupia},
  title   = {The {S}cience of {P}olitical {S}cience},
  journal = {Annual Review of Political Science},
  volume  = {24},
  pages   = {1--22},
  year    = {2021},
  doi     = {10.1146/annurev-polisci-051120-110428},
  url     = {https://www.annualreviews.org/content/journals/10.1146/annurev-polisci-051120-110428}
}

@misc{downs2024,
  author       = {Watkins, Thayer},
  title        = {Anthony {D}owns’ {E}conomic {T}heory of {D}emocracy},
  year         = {2024},
  howpublished = {\url{https://www.sjsu.edu/faculty/watkins/downs.htm}},
  note         = {Accessed: 2025-06-30}
}

@misc{bonica2024,
  author       = {Adam Bonica},
  title        = {Database on {I}deology, {M}oney in {P}olitics, and {E}lections: {P}ublic {V}ersion 4.0 [{C}omputer {F}ile]},
  year         = {2024},
  howpublished = {Stanford, CA: Stanford University Libraries},
  url          = {http://data.stanford.edu/dime}
}

@misc{fec_communications,
  author       = {{Federal Election Commission}},
  title        = {Making {E}lectioneering {C}ommunications},
  howpublished = {\url{https://www.fec.gov/help-candidates-and-committees/
                        other-filers/making-electioneering-communications/}},
  note         = {Accessed: 2025-07-17},
}

@misc{congress_plaw,
  author       = {{107th U.S. Congress}},
  title        = {{An {A}ct to {A}mend the {F}ederal {E}lection {C}ampaign
                   {A}ct of 1971 to {P}rovide {B}ipartisan {C}ampaign {R}eform}},
  howpublished = {Public Law 107–155, U.S. Government Publishing Office. Available at
                  \url{https://www.congress.gov/107/plaws/publ155/PLAW-107publ155.htm}},
  year         = {2002},
}

@misc{schedule,
  author       = {{U.S. House of Representatives}},
  year         = {2025},
  title        = {House of {R}epresentative {S}chedule {C}alendar for {A}ugust~2025},
  howpublished = {\url{https://www.house.gov/legislative-activity/2024-12-16}},
  note         = {Accessed: 2025-07-17},
}

@article{bayes,
  author  = {Baye, Michael R. and Kovenock, Daniel and De Vries, Casper G.},
  title   = {The {A}ll-{P}ay {A}uction with {C}omplete {I}nformation},
  journal = {Economic Theory},
  year    = {1996},
  volume  = {8},
  number  = {2},
  pages   = {291--305},
  doi     = {10.1007/BF01205432},
  url     = {https://www.jstor.org/stable/25054970},
  note    = {Available on JSTOR}
}

@incollection{tullock1980,
  author       = {Tullock, Gordon},
  title        = {Efficient {R}ent {S}eeking},
  booktitle    = {Toward a {T}heory of the {R}ent‐{S}eeking {S}ociety},
  editor       = {Buchanan, James M. and Tollison, Robert D. and Tullock, Gordon},
  pages        = {97--112},
  publisher    = {Texas A\&M University Press},
  year         = {1980},
  address      = {College Station, TX}
}

