@misc{citizensunited2010,
  author       = {{Federal Election Commission}},
  title        = {Citizens United v. FEC},
  year         = {2010},
  howpublished = {\url{https://www.fec.gov/legal-resources/court-cases/citizens-united-v-fec/}},
  note         = {Accessed May 22, 2025}
}


@misc{opensecrets2025,
  author       = {{OpenSecrets News}},
  title        = {By the Numbers: 15 Years of Citizens United},
  year         = {2025},
  month        = {Jan},
  howpublished = {\url{https://www.opensecrets.org/news/2025/01/by-the-numbers-15-years-of-citizens-united/}},
  note         = {Accessed May 22, 2025},
  institution  = {OpenSecrets}
}


@misc{brennancenter2024,
  author       = {{Brennan Center for Justice}},
  title        = {Dark Money Hit a Record High of \$1.9 Billion in 2024 Federal Races},
  year         = {2024},
  month        = {Apr},
  howpublished = {\url{https://www.brennancenter.org/our-work/research-reports/dark-money-hit-record-high-19-billion-2024-federal-races}},
  note         = {Accessed May 22, 2025},
  institution  = {Brennan Center for Justice}
}

